<?xml version="1.0" encoding="UTF-8"?><record xmlns="http://www.loc.gov/MARC21/slim" xmlns:cinclude="http://apache.org/cocoon/include/1.0" xmlns:zs="http://www.loc.gov/zing/srw/">
  <leader>00317cz  a2200121n  4500</leader>
  <controlfield tag="001">n  90677623 </controlfield>
  <controlfield tag="003">DLC</controlfield>
  <controlfield tag="005">20080306080052.0</controlfield>
  <controlfield tag="008">900803n| acannaab           |n aaa      </controlfield>
  <datafield tag="010" ind1=" " ind2=" ">
    <subfield code="a">n  90677623 </subfield>
  </datafield>
  <datafield tag="040" ind1=" " ind2=" ">
    <subfield code="a">DLC</subfield>
    <subfield code="c">DLC</subfield>
    <subfield code="d">DLC</subfield>
  </datafield>
  <datafield tag="100" ind1="1" ind2="0">
    <subfield code="a">Bernier, Linda</subfield>
  </datafield>
  <datafield tag="670" ind1=" " ind2=" ">
    <subfield code="a">Vadrot, C.-M. Russia today, 1990:</subfield>
    <subfield code="b">t.p. verso (Linda Bernier)</subfield>
  </datafield>
</record>